01REMESSA01COBRANCA       1106403940285000100                               748SICREDI        20170410        0000016                                                                                                                                                                                                                                                                                 2.00000001
1AAA            ABB                            172000498      20170408 N B0000    00000000000200            0149        1104170000000016000         AN080417000000000000000010000000000000000000000000000000000000000000002001829957000108ROSANGELA MORAES BATISTA FETTER ME      RUA DUQUE DE CAXIAS1533                 00000000000 7999000000000                                                       000002
1AAA            ABB                            172000501      20170408 N B0000    00000000000200            0150        1105170000000016000         AN080417000000000000000010000000000000000000000000000000000000000000002001829957000108ROSANGELA MORAES BATISTA FETTER ME      RUA DUQUE DE CAXIAS1533                 00000000000 7999000000000                                                       000003
1AAA            ABB                            172000510      20170408 N B0000    00000000000200            0151        1106170000000016000         AN080417000000000000000010000000000000000000000000000000000000000000002001829957000108ROSANGELA MORAES BATISTA FETTER ME      RUA DUQUE DE CAXIAS1533                 00000000000 7999000000000                                                       000004
1AAA            ABB                            172000528      20170408 N B0000    00000000000200            0152        1107170000000016000         AN080417000000000000000010000000000000000000000000000000000000000000002001829957000108ROSANGELA MORAES BATISTA FETTER ME      RUA DUQUE DE CAXIAS1533                 00000000000 7999000000000                                                       000005
9174811064                                                                                                                                                                                                                                                                                                                                                                                                000006
