01REMESSA01COBRANCA       2594612627552000103                               748SICREDI        20170531        0000015                                                                                                                                                                                                                                                                                 2.00000001
1AAA            AAB                            172003367      20170509 N B0000    00000000000200            0100000003363105170000000012000         AN090517000000000000000030000000000000000000000000000000000000000000002004858200000130CFC FORMULA 1                           R ALMIRANTE BARROSO                     00000000000 7948000000000                                                       000002
1AAA            AAB                            172003375      20170509 N B0000    00000000000200            0100000003371505170000000020000         AN090517000000000000000030000000000000000000000000000000000000000000002009366069000108CFC LIDER                               RUA BENEVENUTO GARCIAS DIAS             00000000000 7958000000000                                                       000003
1AAA            AAB                            172003383      20170509 N B0000    00000000000200            0100000003380106170000000012000         AN090517000000000000000030000000000000000000000000000000000000000000002009366069000108CFC LIDER                               RUA BENEVENUTO GARCIAS DIAS             00000000000 7958000000000                                                       000004
1AAA            AAB                            172003391      20170510 N B0000    00000000000200            0100000003391605170000000040000         AN100517000000000000000030000000000000000000000000000000000000000000002003437906000166CFC COSTA RICA                          AV. JOSE FERREIRA COSTA ,               00000000000 7955000000000                                                       000005
1AAA            AAB                            172003405      20170510 N B0000    00000000000200            0100000003401506170000000040000         AN100517000000000000000030000000000000000000000000000000000000000000002003437906000166CFC COSTA RICA                          AV. JOSE FERREIRA COSTA ,               00000000000 7955000000000                                                       000006
1AAA            AAB                            172003413      20170510 N B0000    00000000000200            0100000003410106170000000012000         AN100517000000000000000030000000000000000000000000000000000000000000002003437906000166CFC COSTA RICA                          AV. JOSE FERREIRA COSTA ,               00000000000 7955000000000                                                       000007
9174825946                                                                                                                                                                                                                                                                                                                                                                                                000008
