01REMESSA01COBRANCA       2594612627552000103                               748SICREDI        20170518        0000010                                                                                                                                                                                                                                                                                 2.00000001
1AAA            ABB                            172003410      20170510 N B0000    00000000000200            01341       0106170000000012000         AN100517000000000000000010000000000000000000000000000000000000000000002003437906000166CFC COSTA RICA                          AV. JOSE FERREIRA COSTA , 1457          00000000000 7955000000000                                                       000002
9174825946                                                                                                                                                                                                                                                                                                                                                                                                000003
