01REMESSA01COBRANCA       2594612627552000103                               748SICREDI        20170425        0000007                                                                                                                                                                                                                                                                                 2.00000001
1AAA            ABB                            172003223      20170420 N B0000    00000000000200            01322       1505170000000020000         AN200417000000000000000010000000000000000000000000000000000000000000002007582154000188CFC RODRIGUES                           AV PRESIDENTE VARGAS 1730               00000000000 7973000000000                                                       000002
1AAA            ABB                            172003231      20170420 N B0000    00000000000200            01323       0105170000000024000         AN200417000000000000000010000000000000000000000000000000000000000000002007582154000188CFC RODRIGUES                           AV PRESIDENTE VARGAS 1730               00000000000 7973000000000                                                       000003
1AAA            ABB                            172003240      20170420 N B0000    00000000000200            01324       0106170000000024000         AN200417000000000000000010000000000000000000000000000000000000000000002007582154000188CFC RODRIGUES                           AV PRESIDENTE VARGAS 1730               00000000000 7973000000000                                                       000004
9174825946                                                                                                                                                                                                                                                                                                                                                                                                000005
